@misc{chatgpt2025,
  author       = {{OpenAI ChatGPT}},
  title        = {Assistance in deriving the mathematical equations, functions, and plots},
  year         = {2025},
  note         = {Accessed via OpenAI ChatGPT. URL: \url{https://chat.openai.com}},
  howpublished = {\url{https://chat.openai.com}}
}

@techreport{BEA_AF447,
  author = {Bureau d'Enquêtes et d'Analyses (BEA)},
  title = {Final Report on the accident on 1st June 2009 to the Airbus A330-203 registered F-GZCP operated by Air France flight AF 447 Rio de Janeiro – Paris},
  year = {2012},
  institution = {Bureau d'Enquêtes et d'Analyses pour la sécurité de l'aviation civile},
  url = {https://www.faa.gov/sites/faa.gov/files/AirFrance447_BEA.pdf}
}

@Article{nhess-16-1623-2016,
AUTHOR = {Jansen, E. and Coppini, G. and Pinardi, N.},
TITLE = {Drift simulation of MH370 debris using superensemble techniques},
JOURNAL = {Natural Hazards and Earth System Sciences},
VOLUME = {16},
YEAR = {2016},
NUMBER = {7},
PAGES = {1623--1628},
URL = {https://nhess.copernicus.org/articles/16/1623/2016/},
DOI = {10.5194/nhess-16-1623-2016}
}

@techreport{MH17_report,
  author = {Dutch Safety Board},
  title = {Crash of Malaysia Airlines flight MH17: Final Report},
  year = {2015},
  institution = {Dutch Safety Board},
  url = {https://onderzoeksraad.nl/wp-content/uploads/2023/11/debcd724fe7breport_mh17_crash.pdf}
}


@article{NOAA_drift_modeling,
  author = {National Oceanic and Atmospheric Administration (NOAA)},
  title = {Modeling Oceanic Transport of Floating Marine Debris},
  journal = {NOAA Marine Debris Program},
  year = {2024},
  url = {https://marinedebris.noaa.gov/modeling-and-monitoring/modeling-oceanic-transport-floating-marine-debris}
}